<?xml version="1.0" encoding="UTF-8"?><collection xmlns="http://www.loc.gov/MARC21/slim"><record><leader>00418nam--2200133-i-4500</leader><controlfield tag="001">000044626</controlfield><controlfield tag="002">20161230</controlfield><controlfield tag="005">20161230201044</controlfield><controlfield tag="008">060222s1000------------r-----000-0-eng-d</controlfield><datafield ind1=" " ind2=" " tag="080"><subfield code="a">543.226:549.1:53.082.61(043)</subfield></datafield><datafield ind1=" " ind2=" " tag="100"><subfield code="a">Thierry, Pierre</subfield></datafield><datafield ind1=" " ind2=" " tag="245"><subfield code="a">Contribution a l`etude thermodynamique du systeme mg2sio4-fe2sio4(forsterite-fayalite). these</subfield></datafield><datafield ind1=" " ind2=" " tag="260"><subfield code="a">Grenoble, Inst.Nat.Polytechnique, 1980, 76p</subfield></datafield><datafield ind1=" " ind2=" " tag="852"><subfield code="a">71137</subfield></datafield></record></collection>